<?xml version="1.0" encoding="UTF-8"?><collection xmlns="http://www.loc.gov/MARC21/slim"><record><leader>00467nam--2200169-i-4500</leader><controlfield tag="001">000040399</controlfield><controlfield tag="002">20161230</controlfield><controlfield tag="005">20170103000317</controlfield><controlfield tag="008">060222s1000------------r-----000-0-eng-d</controlfield><datafield ind1=" " ind2=" " tag="080"><subfield code="a">621.396</subfield></datafield><datafield ind1=" " ind2=" " tag="100"><subfield code="a">Savescu, Mugur</subfield></datafield><datafield ind1=" " ind2=" " tag="245"><subfield code="a">Initiere in radiocomunicatii cu sateliti</subfield></datafield><datafield ind1=" " ind2=" " tag="260"><subfield code="a">Bucuresti</subfield><subfield code="b">Ed.Tehnica</subfield><subfield code="c">1976</subfield></datafield><datafield ind1=" " ind2=" " tag="300"><subfield code="a">285 p</subfield></datafield><datafield ind1=" " ind2=" " tag="490"><subfield code="a">Seria De Initiere Automatica-informatica-electronica-management</subfield></datafield><datafield ind1=" " ind2=" " tag="852"><subfield code="a">43605</subfield></datafield><datafield ind1=" " ind2=" " tag="CAT"><subfield code="a">SYS</subfield><subfield code="c">20170103</subfield><subfield code="h">000317</subfield></datafield></record></collection>